<record><leader>00000cas a2200000 a 4500</leader><controlfield tag="001">22572091</controlfield><controlfield tag="008">901023d18841919iluwr ne      0   a0eng c</controlfield><datafield ind1=" " ind2=" " tag="010"><subfield code="a">sn 90054615 </subfield></datafield><datafield ind1=" " ind2=" " tag="040"><subfield code="a">NVF</subfield><subfield code="b">eng</subfield><subfield code="c">NVF</subfield><subfield code="d">OCLCQ</subfield><subfield code="d">NVF</subfield><subfield code="d">OCLCQ</subfield><subfield code="d">OCLCF</subfield><subfield code="d">NVF</subfield><subfield code="d">OCLCO</subfield></datafield><datafield ind1="1" ind2=" " tag="029"><subfield code="a">AU@</subfield><subfield code="b">000025862690</subfield></datafield><datafield ind1=" " ind2=" " tag="042"><subfield code="a">pcc</subfield></datafield><datafield ind1=" " ind2=" " tag="043"><subfield code="a">n-us-il</subfield></datafield><datafield ind1="0" ind2="0" tag="245"><subfield code="a">Forrest rambler.</subfield></datafield><datafield ind1=" " ind2=" " tag="260"><subfield code="a">Forrest, Livingston County, Ill. :</subfield><subfield code="b">C.W. Stickney</subfield></datafield><datafield ind1=" " ind2=" " tag="300"><subfield code="a">v.</subfield></datafield><datafield ind1=" " ind2=" " tag="310"><subfield code="a">Weekly</subfield></datafield><datafield ind1="1" ind2=" " tag="362"><subfield code="a">Began in 1884?</subfield></datafield><datafield ind1="0" ind2=" " tag="362"><subfield code="a">-35th year, no. 14 (Jan. 31, 1919).</subfield></datafield><datafield ind1=" " ind2=" " tag="500"><subfield code="a">Subsequent publisher: M. F. Bovard.</subfield></datafield><datafield ind1=" " ind2=" " tag="530"><subfield code="a">Preservation microfilmed by the University of Illinois at Urbana-Champaign Library as part of the United States Newspaper Program; the years 1886-1917 (on 1 microfilm reel) are available for purchase from OCLC Preservation Service Centers.</subfield></datafield><datafield ind1=" " ind2=" " tag="588"><subfield code="a">Description based on: Volume 3, number 16 (Feb. 24, 1886).</subfield></datafield><datafield ind1=" " ind2="0" tag="651"><subfield code="a">Forrest (Ill.)</subfield><subfield code="v">Newspapers.</subfield></datafield><datafield ind1=" " ind2="7" tag="651"><subfield code="a">Illinois</subfield><subfield code="z">Forrest.</subfield><subfield code="2">fast</subfield><subfield code="0">(OCoLC)fst01294340</subfield></datafield><datafield ind1=" " ind2="7" tag="655"><subfield code="a">Newspapers.</subfield><subfield code="2">fast</subfield><subfield code="0">(OCoLC)fst01423814</subfield></datafield><datafield ind1=" " ind2=" " tag="752"><subfield code="a">United States</subfield><subfield code="b">Illinois</subfield><subfield code="c">Livingston</subfield><subfield code="d">Forrest.</subfield></datafield><datafield ind1="0" ind2="0" tag="785"><subfield code="t">Forrest rambler Fanslers' weekly</subfield><subfield code="w">(DLC)sn 90054620</subfield><subfield code="w">(OCoLC)22572154</subfield></datafield></record>